% @misc{laik2016implementation,
%   title={Implementation of Stereographic and Spherical Projection in Structural Geology with JavaScript and the web through SvgNet},
%   author={Laik, Arijit},
%   year={2016}
% }

@article{romain2019uwgeodynamics,
  title={UWGeodynamics: A teaching and research tool for numerical geodynamic modelling},
  author={Romain Beucher and Louis Moresi and Julian Giordani and John Mansour and Dan Sandiford and Rebecca Farrington and Luke Mondy and Claire Mallard and Patrice Rey and Guillaume Duclaux and Owen Kaluza and Arijit Laik and Sara Moron},
  journal={Journal of Open Source Software},
  volume={4},
  number={36},
  pages={1136},
  year={2019}
}

@article{ghosh2020mid,
  title={Mid-crustal ramping of the Main Himalayan Thrust in Nepal to Bhutan Himalaya: New insights from analogue and numerical experiments},
  author={Ghosh, Subhajit and Bose, Santanu and Mandal, Nibir and Laik, Arijit},
  journal={Tectonophysics},
  volume={782},
  pages={228425},
  year={2020},
  publisher={Elsevier}
}

% @inproceedings{ghosh2016insights,
%   title={Insights into MCT-emplacement from the Alaknanda Valley Section, Garhwal Himalaya},
%   author={Ghosh, S and Rakshit, M and Laik, A},
%   booktitle={ANNUAL GENERAL MEETING OF THE GEOLOGICAL SOCIETY OF INDIA},
%   pages={216},
%   year={2016}
% }
@inproceedings{laik2023protracted,
  title={Protracted continental subduction, indentation and collisional boundary migration coupled with adjacent oceanic slab-rollback and slab detachment in large-scale buoyancy-driven 3D whole-mantle scale numerical models of subduction-and-collision.},
  author={Arijit Laik,  and Wouter P Schellart and  Vincent Strak,},
  year={2023},
  booktitle={EGU General Assembly 2023}
}

@inproceedings{laik2021trench,
  title={Trench Advance in Collisional settings: insights from large scale 2D and 3D models},
  author={Laik, Arijit and Schellart, Wouter P and Strak, Vincent},
  booktitle={EGU General Assembly Conference Abstracts},
  pages={EGU21--7210},
  year={2021}
}

@inproceedings{laik2016svgnet,
  title={SvgNet--Structural Geology nets in the modern web platform Wulff net and Schmidt net},
  author={Laik, A},
  booktitle={Annual General Meeting of the Geological Society of India},
  pages={255},
  year={2016}
}

@inproceedings{laik2022convergence,
  title={Convergence at continental collision zones: Insights from long-term 2D geodynamic models of buoyancy-driven subduction and collision.},
  author={Laik, Arijit and Schellart, Wouter and Strak, Vincent},
  booktitle={EGU General Assembly Conference Abstracts},
  pages={EGU22--12441},
  year={2022}
}

@article{laik2023sustained,
  title={Sustained indentation in 2-D models of continental collision involving whole mantle subduction},
  author={Laik, Arijit and Schellart, Wouter P and Strak, Vincent},
  journal={Geophysical Journal International},
  volume={232},
  number={1},
  pages={343--365},
  year={2023},
  publisher={Oxford University Press}
}
