@article{ghosh2020mid,
    author = {Ghosh, Subhajit and Bose, Santanu and Mandal, Nibir and Laik, Arijit},
    doi = {10.1016/j.tecto.2020.228425},
    journal = {Tectonophysics},
    pages = {228425},
    publisher = {Elsevier},
    title = {Mid-crustal ramping of the Main Himalayan Thrust in Nepal to Bhutan Himalaya: New insights from analogue and numerical experiments},
    volume = {782},
    year = {2020}
}

@inproceedings{laik2016svgnet,
    author = {Laik, A},
    doi = {10.13140/RG.2.2.14274.99523},
    booktitle = {Annual General Meeting of the Geological Society of India},
    pages = {255},
    title = {SvgNet--Structural Geology nets in the modern web platform Wulff net and Schmidt net},
    year = {2016}
}

@inproceedings{laik2021trench,
    author = {Laik, Arijit and Schellart, Wouter P and Strak, Vincent},
    doi = {10.5194/egusphere-egu21-7210},
    booktitle = {EGU General Assembly Conference Abstracts},
    pages = {EGU21--7210},
    title = {Trench Advance in Collisional settings: insights from large scale 2D and 3D models},
    year = {2021}
}

@inproceedings{laik2022convergence,
    author = {Laik, Arijit and Schellart, Wouter and Strak, Vincent},
    doi = {10.5194/egusphere-egu22-12441},
    booktitle = {EGU General Assembly Conference Abstracts},
    pages = {EGU22--12441},
    title = {Convergence at continental collision zones: Insights from long-term 2D geodynamic models of buoyancy-driven subduction and collision.},
    year = {2022}
}

@inproceedings{laik2023protracted,
    author = {Arijit Laik,  and Wouter P Schellart and  Vincent Strak,},
    doi = {10.5194/egusphere-egu23-14232},
    booktitle = {EGU General Assembly 2023},
    title = {Protracted continental subduction, indentation and collisional boundary migration coupled with adjacent oceanic slab-rollback and slab detachment in large-scale buoyancy-driven 3D whole-mantle scale numerical models of subduction-and-collision.},
    year = {2023}
}

@article{laik2023sustained,
    author = {Laik, Arijit and Schellart, Wouter P and Strak, Vincent},
    doi = {10.1038/s41467-019-13993-7},
    journal = {Geophysical Journal International},
    number = {1},
    pages = {343--365},
    publisher = {Oxford University Press},
    title = {Sustained indentation in 2-D models of continental collision involving whole mantle subduction},
    volume = {232},
    year = {2023}
}

@article{romain2019uwgeodynamics,
    author = {Romain Beucher and Louis Moresi and Julian Giordani and John Mansour and Dan Sandiford and Rebecca Farrington and Luke Mondy and Claire Mallard and Patrice Rey and Guillaume Duclaux and Owen Kaluza and Arijit Laik and Sara Moron},
    doi = {10.21105/joss.01136},
    journal = {Journal of Open Source Software},
    number = {36},
    pages = {1136},
    title = {UWGeodynamics: A teaching and research tool for numerical geodynamic modelling},
    volume = {4},
    year = {2019}
}
